@misc{yao2024largelanguagemodelunlearning,
    title = {Large Language Model Unlearning},
    author = {Yuanshun Yao and Xiaojun Xu and Yang Liu},
    year = {2024},
    eprint = {2310.10683},
    archivePrefix = {arXiv},
    primaryClass = {cs.CL},
    url = {https://arxiv.org/abs/2310.10683},
}

@misc{liu2024largelanguagemodelunlearning,
    title = {Large Language Model Unlearning via Embedding-Corrupted Prompts},
    author = {Chris Yuhao Liu and Yaxuan Wang and Jeffrey Flanigan and Yang Liu},
    year = {2024},
    eprint = {2406.07933},
    archivePrefix = {arXiv},
    primaryClass = {cs.CL},
    url = {https://arxiv.org/abs/2406.07933},
}

@inproceedings{Wei2024ProvableUI,
    title = {Provable unlearning in topic modeling and downstream tasks},
    author = {Stanley Wei and Sadhika Malladi and Sanjeev Arora and Amartya Sanyal},
    year = {2024},
    url = {https://api.semanticscholar.org/CorpusID:274141186}
}


@article{zhang2024negative,
    title = {Negative preference optimization: From catastrophic collapse to effective unlearning},
    author = {Zhang, Ruiqi and Lin, Licong and Bai, Yu and Mei, Song},
    journal = {arXiv preprint arXiv:2404.05868},
    year = {2024}
}

@article{fan2024simplicity,
    title = {Simplicity Prevails: Rethinking Negative Preference Optimization for LLM Unlearning},
    author = {Fan, Chongyu and Liu, Jiancheng and Lin, Licong and Jia, Jinghan and Zhang, Ruiqi and Mei, Song and Liu, Sijia},
    journal = {arXiv preprint arXiv:2410.07163},
    year = {2024}
}
