@misc{yao2024largelanguagemodelunlearning,
    title = {Large Language Model Unlearning},
    author = {Yuanshun Yao and Xiaojun Xu and Yang Liu},
    year = {2024},
    eprint = {2310.10683},
    archivePrefix = {arXiv},
    primaryClass = {cs.CL},
    url = {https://arxiv.org/abs/2310.10683},
}

@misc{liu2024largelanguagemodelunlearning,
    title = {Large Language Model Unlearning via Embedding-Corrupted Prompts},
    author = {Chris Yuhao Liu and Yaxuan Wang and Jeffrey Flanigan and Yang Liu},
    year = {2024},
    eprint = {2406.07933},
    archivePrefix = {arXiv},
    primaryClass = {cs.CL},
    url = {https://arxiv.org/abs/2406.07933},
}